@INPROCEEDINGS{Zea2009-eh,
  title           = "Collaborative learning by means of video games: An
                     entertainment system in the learning processes",
  booktitle       = "2009 Ninth {IEEE} International Conference on Advanced
                     Learning Technologies",
  author          = "Zea, Natalia Padilla and Sanchez, Jos{\'e} Lu{\'\i}s
                     Gonz{\'a}lez and Gutierrez, Francisco L",
  publisher       = "IEEE",
  month           =  jul,
  year            =  2009,
  conference      = "2009 Ninth IEEE International Conference on Advanced
                     Learning Technologies (ICALT)",
  location        = "Riga, Latvia"
}
@INPROCEEDINGS{Chen2012-ao,
  title           = "Developing an education card game for science learning in
                     primary education",
  booktitle       = "2012 {IEEE} Fourth International Conference On Digital
                     Game And Intelligent Toy Enhanced Learning",
  author          = "Chen, Po Guang and Liu, Eric Zhi Feng and Lin, Chun Hung
                     and Chang, Wan Ling and Hsin, Tien Hsin and Shih, Ru Chu",
  publisher       = "IEEE",
  month           =  mar,
  year            =  2012,
  conference      = "2012 IEEE 4th International Conference on Digital Game and
                     Intelligent Toy Enhanced Learning (DIGITEL 2012)",
  location        = "Takamatsu, Japan"
}
@misc{Civil,
	author = "2K Games",
	title = "Civilization",
	howpublished = "\url{https://civilization.com/}",
}
@misc{Img-Civil,
	author = "2K Games",
	title = "Civilization",
	howpublished = "\url{https://cdn.2kgames.com/civilization.com/Civilization-VI---Active-Progression-hero.jpg}",
}
@misc{Antom,
	author = "Virtual Medicine",
	title = "Human Anatomy",
	howpublished = "\url{https://www.medicinevirtual.com/sk/index.html}",
}
@misc{Img-Antom,
	author = "Virtual Medicine",
	title = "Human Anatomy",
	howpublished = "\url{https://medicinevirtual.com/img/cover_img.png}",
}
@INPROCEEDINGS{7930309,
  author={Hartono, Meilani and Candramata, Muhammad Alif and Adhyatmoko, Khairisan Noor and Yulianto, Budi},
  booktitle={2016 International Conference on Information Management and Technology (ICIMTech)}, 
  title={Math Education Game for primary school}, 
  year={2016},
  volume={},
  number={},
  pages={93-96},
  doi={10.1109/ICIMTech.2016.7930309}}
@INPROCEEDINGS{6185607,
  author={Chou, Yi-Shiuan and Hou, Huei-Tse and Yu, Min-Chi and Lee, Hui-Jen and Wu, Hui-Shi and Yang, Ya-Ting and Liao, Yi-Ju},
  booktitle={2012 IEEE Fourth International Conference On Digital Game And Intelligent Toy Enhanced Learning}, 
  title={Running Tommy©: Developing a Digital Adventure Game Based on Situated Learning to Promote Learners' Concepts of Earthquake Escape}, 
  year={2012},
  volume={},
  number={},
  pages={156-158},
  doi={10.1109/DIGITEL.2012.44}}
@misc{Ucenie,
	author = "Zuzana Gránska",
	title = "Učenie sa mení zásadným spôsobom. Prečo budú hry vo vyučovaní stále dôležitejšie?",
	howpublished = "\url{https://eduworld.sk/cd/zuzana-granska/4075/ucenie-sa-meni-zasadnym-sposobom-preco-budu-hry-vo-vyucovani-stale-dolezitejsie}",
}
@misc{Videohry,
	author = "Mgr. Michal Božík",
	title = "Videohry v kontexte vyučovacieho procesu",
	howpublished = "\url{https://www.direktor.sk/sk/casopis/manazment-skoly-v-praxi/videohry-v-kontexte-vyucovacieho-procesu.m-237.html}",
}